@Misc{videolanURL,
  author =  {},
  title =   {Stránky projektu VideoLan},
  note =    {\verb|http://www.videolan.org|},
  year =    {}
}
@Misc{linuxtvURL,
  author =  {},
  title =   {Stránky projektu LinuxTV},
  note =    {\verb|http://www.linuxtv.org|},
  year =    {}
}
@Misc{pimdURL,
  author =  {},
  title =   {Stránky projektu pimd USC},
  note =    {\verb|http://netweb.usc.edu/pim|},
  year =    {}
}
@Misc{mroutedURL,
  author =  {},
  title =   {Stránky projektu mrouted},
  note =    {\verb|http://freshmeat.net/projects/mrouted|},
  year =    {}
}
@Misc{mplayerURL,
  author =  {},
  title =   {Stránky projektu MPlayer},
  note =    {\verb|http://www.mplayerhq.hu|},
  year =    {}
}
@Misc{digitvURL,
  author =  {},
  title =   {Informační stránky o DVB vysílání v České Republice},
  note =    {\verb|http://www.digitalnitelevize.cz|},
  year =    {}
}
@Misc{xmltvURL,
  author =  {},
  title =   {Stránky projektu XmlTv},
  note =    {\verb|http://xmltv.org/wiki/|},
  year =    {}
}
@Misc{xiphURL,
  author =  {},
  title =   {Stránky sdružení Xiph},
  note =    {\verb|http://www.xiph.org/|},
  year =    {}
}
